@Article{rajan98,
  author =       {U Rajan and SM Saw and C Lau},
  title =        {Prevalence of myopia in schoolchildren and risk
                  factors for its progression. In: Tokoro T},
  journal =      {Myopia Updates},
  year =         1998,
  pages =     {69-80}}

@Article{zhou99:genes,
  author =       {GM Zhou and RW Williams},
  title =        {Eye1 and Eye2: Gene loci that modulate eye size,
                  lens weight, and retinal area in the mouse},
  journal =      {Investigational Ophthalmological Visual Science},
  year =         1999,
  volume =    40,
  number =    5,
  pages =     {817-825},
  month =     {April}}

@Article{zhou99:models,
  author =       {GM Zhou and RW Williams},
  title =        {Mouse models for the analysis of myopia: An analysis
                  of variation in eye size of adult mice},
  journal =      {Optometry and Vision Science},
  year =         1999,
  volume =    76,
  number =    6,
  pages =     {408-418},
  month =     {June}}

@Article{schmucker04,
  author =       {C Schmucker and F Schaeffel},
  title =        {A paraxial schematic eye model for the growing
                  C57BL/6 mouse},
  journal =      {Vision Research},
  year =         2004,
  volume =    44,
  number =    16,
  pages =     {1857-1867},
  month =     {July}}

@Article{schaeffel04,
  author =       {F Schaeffel and E Burkhardt and HC Howland and RW Williams},
  title =        {Measurement of refractive state and deprivation of
                  myopia in two strains of mice},
  journal =      {Optometry and Vision Science},
  year =         2004,
  volume =    81,
  number =    2,
  pages =     {99-110},
  month =     {February}}

@Article{wallman04,
  author =       {J Wallman and J Winawer},
  title =        {Homeostasis of eye growth and the question of
                  myopia},
  journal =      {Neuron},
  year =         2004,
  volume =    43,
  number =    4,
  pages =     {447-468},
  month =     {August}}

@Article{atchison04,
  author =       {DA Atchison and CE Jones and KL Schmid and N
                  Pritchard and JM Pope and WE Strugnell},
  title =        {Eye shape in emmetropia and myopia},
  journal =      {Invest Ophthalmological Visual Science},
  year =         2004,
  volume =    45,
  number =    10,
  pages =     {3380-3386}}

@Article{guggenheim04,
  author =       {JA Guggenheim and RC Creer and XJ Qin},
  title =        {Postnatal refractive development in the {Brown
                  Norway} rat: limitations of standard refractive and
                  ocular component dimension},
  journal =      {Current Eye Results},
  year =         2004,
  volume =    29,
  number =    {4-5},
  pages =     {369-376}}

@Manual{FDA09,
  title =        {Guidance Documents (Medical Devices)},
  organization = {US Food and Drug Administration},
  address =   {Web site: {<http://www.fda.gov/>}},
  month =     {November},
  year =      2009}

@Article{ott90,
  author =       {D Ott and M Lades},
  title =        {Measurement of eye rotations in three dimensions and
                  the retinal stimulus projection using scanning laser
                  ophthalmoloscopy},
  journal =      {Ophthalmological and Physiological Optics},
  year =         1990,
  volume =    10,
  pages =     {67-73}}

@Article{janknecht94,
  author =       {P Janknecht and J Funk},
  title =        {Optic nerve head analyser and {Heidelberg} retina
                  tomograph: accuracy and reproducibility of
                  topographic measurements in a model eye and in
                  volunteers},
  journal =      {British Journal of Ophthalmology},
  year =         1994,
  volume =    78,
  pages =     {760-768}}

@Manual{users_manual,
  title =        {User's Manual: High-speed, High-precision Digital
                  Micrometer {LS-7600} Series},
  organization = {Keyence Corporation},
  address =   {{Japan: The Corporation}},
  year =      2006}

@Article{herman95,
  author =       {GT Herman},
  title =        {Image reconstruction from projections},
  journal =      {Real-Time Image},
  year =         1995,
  volume =    1,
  pages =     {3-18}}

@Article{leeser05,
  author =       {M Leeser and S Coric and E Miller and H Yu},
  title =        {Parallel-Beam Backprojection: An {FGPA}
                  Implementation optimizing for medical imaging},
  journal =      {Journal of {VLSI} Signal Processing},
  year =         2005,
  volume =    39,
  pages =     {295-311}}

@Article{mueller99,
  author =       {K Mueller and R Yagel and JJ Wheller},
  title =        {Fast implementation of algebraic methods for {3D}
                  reconstruction from cone-beam data},
  journal =      {IEEE Transactions on Medical Imaging},
  year =         1999,
  volume =    18,
  number =    6,
  pages =     {538-548}}

@Article{gross03,
  author =       {DP Gross and MC Batti\'{e}},
  title =        {Construct validity of kinesiophysical functional
                  capacity evaluation administered within a worker's
                  compensation environment},
  journal =      {Journal of Occupational Rehabilitation},
  year =         2003,
  volume =    13,
  number =    4,
  pages =     {287-295}}

@Manual{keyence01,
  title =        {Breakthrough technology optical micrometer},
  organization = {Keyence Corporation},
  address =   {{Japan: The Corporation}},
  year =      2001}

@InBook{truax09,
  author =    {B Truax},
  title =        {World Soundscape Project},
  chapter =      1,
  publisher =    {{Simon Fraser University} and {ARC} Publications},
  year =         2009,
  series =    {Handbook for Acoustic Ecology},
  address =   {{<http://www.sfu.ca/sonic‐studio/handbook/Decibel.html>}},
  month =     {November}}

@Article{siegel56,
  author =       {Arnold Siegel},
  title =        {Automatic programming of numerically controlled
                  machine tools},
  journal =      {Control Engineering},
  year =         1956,
  volume =    3,
  number =    10,
  pages =     {65-70}}

@Book{natterer01,
  author =    {F Natterer and Frank Wubbeling},
  title =        {Mathematical Methods in Image Reconstruction},
  publisher =    {Society for Industrial and Applied Mathematics},
  year =         2001,
  edition =   {1st}}

@Misc{TAT09,
  author =    {{T.A.T.} Machinery},
  title =     {TAT Machinery ‐ Largest inventory of used Japanese
                  machinery and used machine tools in Asia},
  howpublished = {Online},
  month =     {November},
  year =      2009,
  note =      {{<http://tatmachinery.com/index.php?o=modules&n=product&f=product_detail&idcat alog=111&idproduct=899>}}}

@Misc{steelonthenet09,
  author =    {Steelonthenet.com},
  title =     {2009 steel prices},
  howpublished = {Online},
  month =     {November},
  year =      2009,
  note =      {{<http://www.steelonthenet.com/prices.html>}}}

@Misc{chemical_prices09,
  author =    {Reed business Information Limited},
  title =     {Chemical prices and chemical industry trends from
                  ICIS pricing},
  howpublished = {Online},
  month =     {November},
  year =      2009,
  note =      {{<http://www.icispricing.com/>}}}